{}

{}

{}

{"5b3c5c62ad430f37f45e2b75": {"technology": "rfid", "proximity": "far", "type": "match", "locations": [{"position": {"y": 0.6939570583356646, "x": 0.5938913447458845, "radius": 0.07264165101694672, "angle": 0.613876133267056}, "id": "5a43666aad430f7559b7ce82", "label": "Inv Demo Area"}], "label": ""}, "time": "2020-05-06T13:47:08Z"}

{"5b3c5c62ad430f37f45e2b75": {"technology": "rfid", "proximity": "far", "type": "match", "locations": [{"position": {"y": 0.6939570583356646, "x": 0.5938913447458845, "radius": 0.07264165101694672, "angle": 0.613876133267056}, "id": "5a43666aad430f7559b7ce82", "label": "Inv Demo Area"}], "label": ""}, "time": "2020-05-06T13:47:10Z"}

{}

{"5b3c5c62ad430f37f45e2b75": {"technology": "rfid", "proximity": "far", "type": "match", "locations": [{"position": {"y": 0.6939570583356646, "x": 0.5938913447458845, "radius": 0.07264165101694672, "angle": 0.613876133267056}, "id": "5a43666aad430f7559b7ce82", "label": "Inv Demo Area"}], "label": ""}, "time": "2020-05-06T13:47:14Z"}

{"5b3c5c62ad430f37f45e2b75": {"technology": "rfid", "proximity": "far", "type": "match", "locations": [{"position": {"y": 0.6939570583356646, "x": 0.5938913447458845, "radius": 0.07264165101694672, "angle": 0.613876133267056}, "id": "5a43666aad430f7559b7ce82", "label": "Inv Demo Area"}], "label": ""}, "time": "2020-05-06T13:47:16Z"}

{"5b3c5c62ad430f37f45e2b75": {"technology": "rfid", "proximity": "far", "type": "match", "locations": [{"position": {"y": 0.6939570583356646, "x": 0.5938913447458845, "radius": 0.07264165101694672, "angle": 0.613876133267056}, "id": "5a43666aad430f7559b7ce82", "label": "Inv Demo Area"}], "label": ""}, "time": "2020-05-06T13:47:19Z"}

{"5b3c5c62ad430f37f45e2b75": {"technology": "rfid", "proximity": "far", "type": "match", "locations": [{"position": {"y": 0.6939570583356646, "x": 0.5938913447458845, "radius": 0.07264165101694672, "angle": 0.613876133267056}, "id": "5a43666aad430f7559b7ce82", "label": "Inv Demo Area"}], "label": ""}, "time": "2020-05-06T13:47:21Z"}

{}

{"5b3c5c62ad430f37f45e2b75": {"technology": "rfid", "proximity": "far", "type": "match", "locations": [{"position": {"y": 0.6939570583356646, "x": 0.5938913447458845, "radius": 0.07264165101694672, "angle": 0.613876133267056}, "id": "5a43666aad430f7559b7ce82", "label": "Inv Demo Area"}], "label": ""}, "time": "2020-05-06T13:47:25Z"}

{"5b3c5c62ad430f37f45e2b75": {"technology": "rfid", "proximity": "far", "type": "match", "locations": [{"position": {"y": 0.6939570583356646, "x": 0.5938913447458845, "radius": 0.07264165101694672, "angle": 0.613876133267056}, "id": "5a43666aad430f7559b7ce82", "label": "Inv Demo Area"}], "label": ""}, "time": "2020-05-06T13:47:27Z"}

{"5b3c5c62ad430f37f45e2b75": {"technology": "rfid", "proximity": "far", "type": "match", "locations": [{"position": {"y": 0.6939570583356646, "x": 0.5938913447458845, "radius": 0.07264165101694672, "angle": 0.613876133267056}, "id": "5a43666aad430f7559b7ce82", "label": "Inv Demo Area"}], "label": ""}, "time": "2020-05-06T13:47:29Z"}

{}

{"5b3c5c62ad430f37f45e2b75": {"technology": "rfid", "proximity": "far", "type": "match", "locations": [{"position": {"y": 0.6939570583356646, "x": 0.5938913447458845, "radius": 0.07264165101694672, "angle": 0.613876133267056}, "id": "5a43666aad430f7559b7ce82", "label": "Inv Demo Area"}], "label": ""}, "time": "2020-05-06T13:47:34Z"}

{"5b3c5c62ad430f37f45e2b75": {"technology": "rfid", "proximity": "far", "type": "match", "locations": [{"position": {"y": 0.6939570583356646, "x": 0.5938913447458845, "radius": 0.07264165101694672, "angle": 0.613876133267056}, "id": "5a43666aad430f7559b7ce82", "label": "Inv Demo Area"}], "label": ""}, "time": "2020-05-06T13:47:36Z"}

{}

{"5b3c5c62ad430f37f45e2b75": {"technology": "rfid", "proximity": "far", "type": "match", "locations": [{"position": {"y": 0.6939570583356646, "x": 0.5938913447458845, "radius": 0.07264165101694672, "angle": 0.613876133267056}, "id": "5a43666aad430f7559b7ce82", "label": "Inv Demo Area"}], "label": ""}, "time": "2020-05-06T13:47:41Z"}

{"5b3c5c62ad430f37f45e2b75": {"technology": "rfid", "proximity": "far", "type": "match", "locations": [{"position": {"y": 0.6939570583356646, "x": 0.5938913447458845, "radius": 0.07264165101694672, "angle": 0.613876133267056}, "id": "5a43666aad430f7559b7ce82", "label": "Inv Demo Area"}], "label": ""}, "time": "2020-05-06T13:47:43Z"}

{}

{}

{}

{"5b3c5c62ad430f37f45e2b75": {"technology": "rfid", "proximity": "far", "type": "match", "locations": [{"position": {"y": 0.6939570583356646, "x": 0.5938913447458845, "radius": 0.07264165101694672, "angle": 0.613876133267056}, "id": "5a43666aad430f7559b7ce82", "label": "Inv Demo Area"}], "label": ""}, "time": "2020-05-06T13:47:52Z"}

{}

{}

{}

{"5b3c5c62ad430f37f45e2b75": {"technology": "rfid", "proximity": "far", "type": "match", "locations": [{"position": {"y": 0.6939570583356646, "x": 0.5938913447458845, "radius": 0.07264165101694672, "angle": 0.613876133267056}, "id": "5a43666aad430f7559b7ce82", "label": "Inv Demo Area"}], "label": ""}, "time": "2020-05-06T13:48:00Z"}

{}

{}

{}

{"5b3c5c62ad430f37f45e2b75": {"technology": "rfid", "proximity": "far", "type": "match", "locations": [{"position": {"y": 0.6939570583356646, "x": 0.5938913447458845, "radius": 0.07264165101694672, "angle": 0.613876133267056}, "id": "5a43666aad430f7559b7ce82", "label": "Inv Demo Area"}], "label": ""}, "time": "2020-05-06T13:48:09Z"}

{"5b3c5c62ad430f37f45e2b75": {"technology": "rfid", "proximity": "far", "type": "match", "locations": [{"position": {"y": 0.6939570583356646, "x": 0.5938913447458845, "radius": 0.07264165101694672, "angle": 0.613876133267056}, "id": "5a43666aad430f7559b7ce82", "label": "Inv Demo Area"}], "label": ""}, "time": "2020-05-06T13:48:11Z"}

{"5b3c5c62ad430f37f45e2b75": {"technology": "rfid", "proximity": "far", "type": "match", "locations": [{"position": {"y": 0.6939570583356646, "x": 0.5938913447458845, "radius": 0.07264165101694672, "angle": 0.613876133267056}, "id": "5a43666aad430f7559b7ce82", "label": "Inv Demo Area"}], "label": ""}, "time": "2020-05-06T13:48:13Z"}

{}

{"5b3c5c62ad430f37f45e2b75": {"technology": "rfid", "proximity": "far", "type": "match", "locations": [{"position": {"y": 0.6939570583356646, "x": 0.5938913447458845, "radius": 0.07264165101694672, "angle": 0.613876133267056}, "id": "5a43666aad430f7559b7ce82", "label": "Inv Demo Area"}], "label": ""}, "time": "2020-05-06T13:48:18Z"}

{}

{}

{"5b3c5c62ad430f37f45e2b75": {"technology": "rfid", "proximity": "far", "type": "match", "locations": [{"position": {"y": 0.6939570583356646, "x": 0.5938913447458845, "radius": 0.07264165101694672, "angle": 0.613876133267056}, "id": "5a43666aad430f7559b7ce82", "label": "Inv Demo Area"}], "label": ""}, "time": "2020-05-06T13:48:24Z"}

{"5b3c5c62ad430f37f45e2b75": {"technology": "rfid", "proximity": "far", "type": "match", "locations": [{"position": {"y": 0.6939570583356646, "x": 0.5938913447458845, "radius": 0.07264165101694672, "angle": 0.613876133267056}, "id": "5a43666aad430f7559b7ce82", "label": "Inv Demo Area"}], "label": ""}, "time": "2020-05-06T13:48:27Z"}

{}

{}

{}

{}

{}

{"5b3c5c62ad430f37f45e2b75": {"technology": "rfid", "proximity": "far", "type": "match", "locations": [{"position": {"y": 0.6939570583356646, "x": 0.5938913447458845, "radius": 0.07264165101694672, "angle": 0.613876133267056}, "id": "5a43666aad430f7559b7ce82", "label": "Inv Demo Area"}], "label": ""}, "time": "2020-05-06T13:48:40Z"}

{}

{"5b3c5c62ad430f37f45e2b75": {"technology": "rfid", "proximity": "far", "type": "match", "locations": [{"position": {"y": 0.6939570583356646, "x": 0.5938913447458845, "radius": 0.07264165101694672, "angle": 0.613876133267056}, "id": "5a43666aad430f7559b7ce82", "label": "Inv Demo Area"}], "label": ""}, "time": "2020-05-06T13:48:44Z"}

{"5b3c5c62ad430f37f45e2b75": {"technology": "rfid", "proximity": "far", "type": "match", "locations": [{"position": {"y": 0.6939570583356646, "x": 0.5938913447458845, "radius": 0.07264165101694672, "angle": 0.613876133267056}, "id": "5a43666aad430f7559b7ce82", "label": "Inv Demo Area"}], "label": ""}, "time": "2020-05-06T13:48:46Z"}

{"5b3c5c62ad430f37f45e2b75": {"technology": "rfid", "proximity": "far", "type": "match", "locations": [{"position": {"y": 0.6939570583356646, "x": 0.5938913447458845, "radius": 0.07264165101694672, "angle": 0.613876133267056}, "id": "5a43666aad430f7559b7ce82", "label": "Inv Demo Area"}], "label": ""}, "time": "2020-05-06T13:48:48Z"}

{"5b3c5c62ad430f37f45e2b75": {"technology": "rfid", "proximity": "far", "type": "match", "locations": [{"position": {"y": 0.6939570583356646, "x": 0.5938913447458845, "radius": 0.07264165101694672, "angle": 0.613876133267056}, "id": "5a43666aad430f7559b7ce82", "label": "Inv Demo Area"}], "label": ""}, "time": "2020-05-06T13:48:51Z"}

{"5b3c5c62ad430f37f45e2b75": {"technology": "rfid", "proximity": "far", "type": "match", "locations": [{"position": {"y": 0.6939570583356646, "x": 0.5938913447458845, "radius": 0.07264165101694672, "angle": 0.613876133267056}, "id": "5a43666aad430f7559b7ce82", "label": "Inv Demo Area"}], "label": ""}, "time": "2020-05-06T13:48:53Z"}

{}

{}

{"5b3c5c62ad430f37f45e2b75": {"technology": "rfid", "proximity": "far", "type": "match", "locations": [{"position": {"y": 0.6939570583356646, "x": 0.5938913447458845, "radius": 0.07264165101694672, "angle": 0.613876133267056}, "id": "5a43666aad430f7559b7ce82", "label": "Inv Demo Area"}], "label": ""}, "time": "2020-05-06T13:49:00Z"}

{"5b3c5c62ad430f37f45e2b75": {"technology": "rfid", "proximity": "far", "type": "match", "locations": [{"position": {"y": 0.6939570583356646, "x": 0.5938913447458845, "radius": 0.07264165101694672, "angle": 0.613876133267056}, "id": "5a43666aad430f7559b7ce82", "label": "Inv Demo Area"}], "label": ""}, "time": "2020-05-06T13:49:02Z"}

{}

{}

{}

{"5b3c5c62ad430f37f45e2b75": {"technology": "rfid", "proximity": "far", "type": "match", "locations": [{"position": {"y": 0.6939570583356646, "x": 0.5938913447458845, "radius": 0.07264165101694672, "angle": 0.613876133267056}, "id": "5a43666aad430f7559b7ce82", "label": "Inv Demo Area"}], "label": ""}, "time": "2020-05-06T13:49:11Z"}

{"5b3c5c62ad430f37f45e2b75": {"technology": "rfid", "proximity": "far", "type": "match", "locations": [{"position": {"y": 0.6939570583356646, "x": 0.5938913447458845, "radius": 0.07264165101694672, "angle": 0.613876133267056}, "id": "5a43666aad430f7559b7ce82", "label": "Inv Demo Area"}], "label": ""}, "time": "2020-05-06T13:49:13Z"}

{"5b3c5c62ad430f37f45e2b75": {"technology": "rfid", "proximity": "far", "type": "match", "locations": [{"position": {"y": 0.6939570583356646, "x": 0.5938913447458845, "radius": 0.07264165101694672, "angle": 0.613876133267056}, "id": "5a43666aad430f7559b7ce82", "label": "Inv Demo Area"}], "label": ""}, "time": "2020-05-06T13:49:15Z"}

{}

{}

{}

{}

{"5b3c5c62ad430f37f45e2b75": {"technology": "rfid", "proximity": "far", "type": "match", "locations": [{"position": {"y": 0.6939570583356646, "x": 0.5938913447458845, "radius": 0.07264165101694672, "angle": 0.613876133267056}, "id": "5a43666aad430f7559b7ce82", "label": "Inv Demo Area"}], "label": ""}, "time": "2020-05-06T13:49:26Z"}

{"5b3c5c62ad430f37f45e2b75": {"technology": "rfid", "proximity": "far", "type": "match", "locations": [{"position": {"y": 0.6939570583356646, "x": 0.5938913447458845, "radius": 0.07264165101694672, "angle": 0.613876133267056}, "id": "5a43666aad430f7559b7ce82", "label": "Inv Demo Area"}], "label": ""}, "time": "2020-05-06T13:49:28Z"}

{}

{"5b3c5c62ad430f37f45e2b75": {"technology": "rfid", "proximity": "far", "type": "match", "locations": [{"position": {"y": 0.6939570583356646, "x": 0.5938913447458845, "radius": 0.07264165101694672, "angle": 0.613876133267056}, "id": "5a43666aad430f7559b7ce82", "label": "Inv Demo Area"}], "label": ""}, "time": "2020-05-06T13:49:33Z"}

{}

{}

{"5b3c5c62ad430f37f45e2b75": {"technology": "rfid", "proximity": "far", "type": "match", "locations": [{"position": {"y": 0.6939570583356646, "x": 0.5938913447458845, "radius": 0.07264165101694672, "angle": 0.613876133267056}, "id": "5a43666aad430f7559b7ce82", "label": "Inv Demo Area"}], "label": ""}, "time": "2020-05-06T13:49:39Z"}

{}

{}

{"5b3c5c62ad430f37f45e2b75": {"technology": "rfid", "proximity": "far", "type": "match", "locations": [{"position": {"y": 0.6939570583356646, "x": 0.5938913447458845, "radius": 0.07264165101694672, "angle": 0.613876133267056}, "id": "5a43666aad430f7559b7ce82", "label": "Inv Demo Area"}], "label": ""}, "time": "2020-05-06T13:49:46Z"}

{"5b3c5c62ad430f37f45e2b75": {"technology": "rfid", "proximity": "far", "type": "match", "locations": [{"position": {"y": 0.6939570583356646, "x": 0.5938913447458845, "radius": 0.07264165101694672, "angle": 0.613876133267056}, "id": "5a43666aad430f7559b7ce82", "label": "Inv Demo Area"}], "label": ""}, "time": "2020-05-06T13:49:48Z"}

{"5b3c5c62ad430f37f45e2b75": {"technology": "rfid", "proximity": "far", "type": "match", "locations": [{"position": {"y": 0.6939570583356646, "x": 0.5938913447458845, "radius": 0.07264165101694672, "angle": 0.613876133267056}, "id": "5a43666aad430f7559b7ce82", "label": "Inv Demo Area"}], "label": ""}, "time": "2020-05-06T13:49:50Z"}

{}

{"5b3c5c62ad430f37f45e2b75": {"technology": "rfid", "proximity": "far", "type": "match", "locations": [{"position": {"y": 0.6939570583356646, "x": 0.5938913447458845, "radius": 0.07264165101694672, "angle": 0.613876133267056}, "id": "5a43666aad430f7559b7ce82", "label": "Inv Demo Area"}], "label": ""}, "time": "2020-05-06T13:49:55Z"}

{"5b3c5c62ad430f37f45e2b75": {"technology": "rfid", "proximity": "far", "type": "match", "locations": [{"position": {"y": 0.6939570583356646, "x": 0.5938913447458845, "radius": 0.07264165101694672, "angle": 0.613876133267056}, "id": "5a43666aad430f7559b7ce82", "label": "Inv Demo Area"}], "label": ""}, "time": "2020-05-06T13:49:57Z"}

{}

{"5b3c5c62ad430f37f45e2b75": {"technology": "rfid", "proximity": "far", "type": "match", "locations": [{"position": {"y": 0.6939570583356646, "x": 0.5938913447458845, "radius": 0.07264165101694672, "angle": 0.613876133267056}, "id": "5a43666aad430f7559b7ce82", "label": "Inv Demo Area"}], "label": ""}, "time": "2020-05-06T13:50:01Z"}

{"5b3c5c62ad430f37f45e2b75": {"technology": "rfid", "proximity": "far", "type": "match", "locations": [{"position": {"y": 0.6939570583356646, "x": 0.5938913447458845, "radius": 0.07264165101694672, "angle": 0.613876133267056}, "id": "5a43666aad430f7559b7ce82", "label": "Inv Demo Area"}], "label": ""}, "time": "2020-05-06T13:50:03Z"}

{}

{}

{}

{"5b3c5c62ad430f37f45e2b75": {"technology": "rfid", "proximity": "far", "type": "match", "locations": [{"position": {"y": 0.6939570583356646, "x": 0.5938913447458845, "radius": 0.07264165101694672, "angle": 0.613876133267056}, "id": "5a43666aad430f7559b7ce82", "label": "Inv Demo Area"}], "label": ""}, "time": "2020-05-06T13:50:12Z"}

{}

{}

{"5b3c5c62ad430f37f45e2b75": {"technology": "rfid", "proximity": "far", "type": "match", "locations": [{"position": {"y": 0.6939570583356646, "x": 0.5938913447458845, "radius": 0.07264165101694672, "angle": 0.613876133267056}, "id": "5a43666aad430f7559b7ce82", "label": "Inv Demo Area"}], "label": ""}, "time": "2020-05-06T13:50:19Z"}

{"5b3c5c62ad430f37f45e2b75": {"technology": "rfid", "proximity": "far", "type": "match", "locations": [{"position": {"y": 0.6939570583356646, "x": 0.5938913447458845, "radius": 0.07264165101694672, "angle": 0.613876133267056}, "id": "5a43666aad430f7559b7ce82", "label": "Inv Demo Area"}], "label": ""}, "time": "2020-05-06T13:50:21Z"}

{"5b3c5c62ad430f37f45e2b75": {"technology": "rfid", "proximity": "far", "type": "match", "locations": [{"position": {"y": 0.6939570583356646, "x": 0.5938913447458845, "radius": 0.07264165101694672, "angle": 0.613876133267056}, "id": "5a43666aad430f7559b7ce82", "label": "Inv Demo Area"}], "label": ""}, "time": "2020-05-06T13:50:23Z"}

{"5b3c5c62ad430f37f45e2b75": {"technology": "rfid", "proximity": "far", "type": "match", "locations": [{"position": {"y": 0.6939570583356646, "x": 0.5938913447458845, "radius": 0.07264165101694672, "angle": 0.613876133267056}, "id": "5a43666aad430f7559b7ce82", "label": "Inv Demo Area"}], "label": ""}, "time": "2020-05-06T13:50:25Z"}

{"5b3c5c62ad430f37f45e2b75": {"technology": "rfid", "proximity": "far", "type": "match", "locations": [{"position": {"y": 0.6939570583356646, "x": 0.5938913447458845, "radius": 0.07264165101694672, "angle": 0.613876133267056}, "id": "5a43666aad430f7559b7ce82", "label": "Inv Demo Area"}], "label": ""}, "time": "2020-05-06T13:50:28Z"}

{"5b3c5c62ad430f37f45e2b75": {"technology": "rfid", "proximity": "far", "type": "match", "locations": [{"position": {"y": 0.6939570583356646, "x": 0.5938913447458845, "radius": 0.07264165101694672, "angle": 0.613876133267056}, "id": "5a43666aad430f7559b7ce82", "label": "Inv Demo Area"}], "label": ""}, "time": "2020-05-06T13:50:30Z"}

{}

{}

{"5b3c5c62ad430f37f45e2b75": {"technology": "rfid", "proximity": "far", "type": "match", "locations": [{"position": {"y": 0.6939570583356646, "x": 0.5938913447458845, "radius": 0.07264165101694672, "angle": 0.613876133267056}, "id": "5a43666aad430f7559b7ce82", "label": "Inv Demo Area"}], "label": ""}, "time": "2020-05-06T13:50:36Z"}

{}

{}

{"5b3c5c62ad430f37f45e2b75": {"technology": "rfid", "proximity": "far", "type": "match", "locations": [{"position": {"y": 0.6939570583356646, "x": 0.5938913447458845, "radius": 0.07264165101694672, "angle": 0.613876133267056}, "id": "5a43666aad430f7559b7ce82", "label": "Inv Demo Area"}], "label": ""}, "time": "2020-05-06T13:50:43Z"}

Exception KeyError: KeyError(1996310720,) in <module 'threading' from '/usr/lib/python2.7/threading.pyc'> ignored
